<?xml version="1.0" encoding="UTF-8"?><collection xmlns="http://www.loc.gov/MARC21/slim"><record><leader>00447nam--2200133-i-4500</leader><controlfield tag="001">000033402</controlfield><controlfield tag="002">20161230</controlfield><controlfield tag="005">20161230201039</controlfield><controlfield tag="008">060222s1000------------r-----000-0-eng-d</controlfield><datafield ind1=" " ind2=" " tag="080"><subfield code="a">621.311(021)</subfield></datafield><datafield ind1=" " ind2=" " tag="100"><subfield code="a">Moyer James Ambrose</subfield></datafield><datafield ind1=" " ind2=" " tag="245"><subfield code="a">Power plant testing. manual of testing steam generating equipment, engines, turbines, pumps, refrigerating machinery et</subfield></datafield><datafield ind1=" " ind2=" " tag="260"><subfield code="a">New York, Mcgraw-hill Book Comp., 1934, Xi + 614p., 335fig</subfield></datafield><datafield ind1=" " ind2=" " tag="852"><subfield code="a">13940</subfield></datafield></record></collection>